<?xml version="1.0" encoding="UTF-8"?><collection xmlns="http://www.loc.gov/MARC21/slim"><record><leader>00461nam--2200145-i-4500</leader><controlfield tag="001">000024121</controlfield><controlfield tag="002">20161230</controlfield><controlfield tag="005">20161230201035</controlfield><controlfield tag="008">060222s1000------------r-----000-0-eng-d</controlfield><datafield ind1=" " ind2=" " tag="080"><subfield code="a">681.326.32:681.3.012</subfield></datafield><datafield ind1=" " ind2=" " tag="100"><subfield code="a">Huggins, Eric</subfield></datafield><datafield ind1=" " ind2=" " tag="245"><subfield code="a">Microprocessors and microcomputers, their use and programming</subfield></datafield><datafield ind1=" " ind2=" " tag="260"><subfield code="a">London, Macmillan Press Ltd., 1981, Xii + 224 P</subfield></datafield><datafield ind1=" " ind2=" " tag="490"><subfield code="a">Macmillan Basis Books In Electronics. Series Editor Noel M.Moris</subfield></datafield><datafield ind1=" " ind2=" " tag="852"><subfield code="a">49941</subfield></datafield></record></collection>